@standard{s1,
  number       = {GB50348—2018},
  title        = {安全防范工程技术规范},
  address      = {北京},
  publisher    = {中国计划出版社},
  year         = {2018}
}

@standard{s2,
  number       = {GB 50311-2016},
  title        = {综合布线系统工程设计规范},
  address      = {北京},
  publisher    = {中国计划出版社},
  year         = {2016}
}

@standard{s3,
  number       = {JGJ16-2008},
  title        = {民用建筑电气设计规范},
  address      = {北京},
  publisher    = {中国建筑工业出版社},
  year         = {2008}
}

@standard{s4,
  number       = {GB50396-2007},
  title        = {出入口控制系统工程设计规范},
  address      = {北京},
  publisher    = {中国计划出版社},
  year         = {2007}
}

@standard{s5,
  number       = {GB50395-2007},
  title        = {视频安防监控系统工程设计规范},
  address      = {北京},
  publisher    = {中国计划出版社},
  year         = {2007}
}

@standard{s6,
  number       = {GB50394-2007},
  title        = {入侵报警系统工程设计规范},
  address      = {北京},
  publisher    = {中国计划出版社},
  year         = {2007}
}

@standard{s7,
  number       = {GB50016-2014},
  title        = {建筑设计防火规范},
  address      = {北京},
  publisher    = {中国计划出版社},
  year         = {2014}
}

@standard{s8,
  number       = {GB50314-2015},
  title        = {智能建筑设计标准},
  address      = {北京},
  publisher    = {中国计划出版社},
  year         = {2015}
}

@book{b1,
  number       = {09X700(上)},
  title        = {智能建筑弱电工程设计与施工 (上册 )},
  address      = {北京},
  publisher    = {中国建筑标准设计研究院},
  year         = {2009}
}

@book{b2,
  number       = {09X700(下)},
  title        = {智能建筑弱电工程设计与施工 (下册 )},
  address      = {北京},
  publisher    = {中国建筑标准设计研究院},
  year         = {2009}
}

@book{b3,
  author       = {中国建筑标准设计研究所},
  title        = {全国民用建筑工程技术措施-电气},
  address      = {北京},
  publisher    = {中国计划出版社},
  year         = {2009}
}
